@misc{rocketcenterofpressure,
  howpublished={\url{https://spaceflightsystems.grc.nasa.gov/education/rocket/rktcp.html}},
  title={Determining Center of Pressure},
  author={Benson (NASA Official), Tom},
  note={Viewed on 06/12/2015} }

@misc{blueorigin,
  howpublished={\url{https://www.blueorigin.com/}},
  title={Blue Origin}}

@misc{spacex,
  howpublished={\url{http://www.spacex.com/}},
  title={SpaceX}}

@misc{rocketcontrols2014,
  howpublished={\url{https://spaceflightsystems.grc.nasa.gov/education/rocket/rktcontrl.html}},
  title={Examples of Controls},
  author={Benson (NASA Official), Tom},
  note={Viewed on 12/11/2015} }

@misc{gimbaledthrust2014,
  howpublished={\url{https://spaceflightsystems.grc.nasa.gov/education/rocket/gimbaled.html}},
  title={Gimbaled Thrust},
  author={Benson (NASA Official), Tom},
  note={Viewed on 12/11/2015} }

@misc{rocketparts2014,
  howpublished={\url{https://spaceflightsystems.grc.nasa.gov/education/rocket/rockpart.html}},
  title={Rocket Parts},
  author={Benson (NASA Official), Tom},
  note={Viewed on 12/11/2015} }

@book{vahid2002embedded,
  title={Embedded system design: a unified hardware/software introduction},
  author={Vahid, Frank and Givargis, Tony},
  volume={4},
  year={2002},
  publisher={John Wiley \& Sons New York, NY} }

@article{ang2005pid,
  title={{PID Control System Analysis, Design, and Technology}},
  author={Ang, Kiam Heong and Chong, Gregory and Li, Yun},
  journal={Control Systems Technology, IEEE Transactions on},
  volume={13},
  number={4},
  pages={559--576},
  year={2005},
  publisher={IEEE} }

@ARTICLE{bowman:reasoning,
	AUTHOR = "Mic Bowman and Saumya K. Debray and Larry L. Peterson",
	TITLE = "Reasoning About Naming Systems",
	JOURNAL = "ACM Trans. Program. Lang. Syst.",
	VOLUME = {15},
	NUMBER = {5},
	PAGES = {795-825},
	MONTH = "November",
	YEAR = {1993}	}

@ARTICLE{braams:babel,
	AUTHOR = "Johannes Braams",
	TITLE = "Babel, a Multilingual Style-Option System for Use with LaTeX's Standard Document Styles",
	JOURNAL = {TUGboat},
	VOLUME = {12},
	NUMBER = {2},
	PAGES = {291-301},
	MONTH = "June",
	YEAR = {1991}	}

@INPROCEEDINGS{clark:pct,
	AUTHOR = "Malcolm Clark",
	TITLE = "Post Congress Tristesse",
	BOOKTITLE = "TeX90 Conference Proceedings",
	PAGES = "84-89",
	ORGANIZATION = "TeX Users Group",
	MONTH = "March", 
	YEAR = {1991}	}

@ARTICLE{herlihy:methodology,
	AUTHOR = "Maurice Herlihy",
	TITLE = "A Methodology for Implementing Highly Concurrent
	Data Objects",
	JOURNAL = {ACM Trans. Program. Lang. Syst.},
	VOLUME = {15},
	NUMBER = {5},
	PAGES = {745-770},
	MONTH = "November",
	YEAR = {1993}	}

@BOOK{Lamport:LaTeX,
	AUTHOR = "Leslie Lamport",
	TITLE = "LaTeX User's Guide and Document Reference Manual",
	PUBLISHER = "Addison-Wesley Publishing Company",
	ADDRESS = "Reading, Massachusetts",
	YEAR = "1986"	}

@BOOK{salas:calculus,
	AUTHOR = "S.L. Salas and Einar Hille",
	TITLE = "Calculus: One and Several Variable",
	PUBLISHER = "John Wiley and Sons",
	ADDRESS = "New York",
	YEAR = "1978"	}
	
@MISC{box2d,
	TITLE = "A 2D physics engine for games",
	PUBLISHER = "Box2D",
	HOWPUBLISHED = "\url{http://box2d.org/about/}",
	NOTE = "Viewed 12/11/2015"}

@MISC{corona,
	TITLE = "Corona Documentation",
	PUBLISHER = "Corona SDK",
	HOWPUBLISHED = "\url{https://docs.coronalabs.com/}",
	NOTE = "Viewed 12/11/2015"}

@MISC{lua,
	TITLE = "Lua Documentation",
	PUBLISHER = "The Lua Language",
	HOWPUBLISHED = "\url{http://www.lua.org/docs.html}",
	NOTE = "Viewed 12/01/2015"}





